<collection xmlns="http://www.loc.gov/MARC21/slim">
   <record>
      <leader>01864cam a2200397 i 4500</leader>
      <controlfield tag="001">6662951</controlfield>
      <controlfield tag="005">20140425230008.0</controlfield>
      <controlfield tag="008">131106s2015    paua     b    001 0 eng  </controlfield>
      <datafield ind1=" " ind2=" " tag="010">
         <subfield code="a">  2013044668</subfield>
      </datafield>
      <datafield ind1=" " ind2=" " tag="020">
         <subfield code="a">9781455759804 (paperback : alk. paper)</subfield>
      </datafield>
      <datafield ind1=" " ind2=" " tag="020">
         <subfield code="a">1455759805 (paperback : alk. paper)</subfield>
      </datafield>
      <datafield ind1="8" ind2=" " tag="024">
         <subfield code="a">99957931174</subfield>
      </datafield>
      <datafield ind1=" " ind2=" " tag="040">
         <subfield code="a">DNLM/DLC</subfield>
         <subfield code="b">eng</subfield>
         <subfield code="e">rda</subfield>
         <subfield code="c">DLC</subfield>
         <subfield code="d">BTCTA</subfield>
         <subfield code="d">NLM</subfield>
         <subfield code="d">YDXCP</subfield>
         <subfield code="d">YUM</subfield>
         <subfield code="d">OCLCO</subfield>
         <subfield code="d">NhCcYBP</subfield>
      </datafield>
      <datafield ind1=" " ind2=" " tag="042">
         <subfield code="a">pcc</subfield>
      </datafield>
      <datafield ind1="0" ind2="4" tag="050">
         <subfield code="a">RJ45</subfield>
         <subfield code="b">.N418 2015</subfield>
      </datafield>
      <datafield ind1="1" ind2="0" tag="060">
         <subfield code="a">WS 100</subfield>
         <subfield code="b">N424 2015</subfield>
      </datafield>
      <datafield ind1="0" ind2="0" tag="082">
         <subfield code="a">618.92</subfield>
         <subfield code="2">23</subfield>
      </datafield>
      <datafield ind1=" " ind2=" " tag="090">
         <subfield code="a">WS100</subfield>
         <subfield code="b">.N424 2015</subfield>
         <subfield code="b">AERA</subfield>
      </datafield>
      <datafield ind1=" " ind2=" " tag="090">
         <subfield code="a">WS100</subfield>
         <subfield code="b">.N424 2015</subfield>
      </datafield>
      <datafield ind1="0" ind2="0" tag="245">
         <subfield code="a">Nelson essentials of pediatrics /</subfield>
         <subfield code="c">[edited by] Karen J. Marcdante, Robert M. Kliegman.</subfield>
      </datafield>
      <datafield ind1="3" ind2="0" tag="246">
         <subfield code="a">Essentials of pediatrics</subfield>
      </datafield>
      <datafield ind1=" " ind2=" " tag="250">
         <subfield code="a">7th edition.</subfield>
      </datafield>
      <datafield ind1=" " ind2="1" tag="264">
         <subfield code="a">Philadelphia :</subfield>
         <subfield code="b">Elsevier/Saunders,</subfield>
         <subfield code="c">[2015]</subfield>
      </datafield>
      <datafield ind1=" " ind2=" " tag="300">
         <subfield code="a">xxii, 754 pages ;</subfield>
         <subfield code="c">28 cm</subfield>
      </datafield>
      <datafield ind1=" " ind2=" " tag="336">
         <subfield code="a">text</subfield>
         <subfield code="2">rdacontent</subfield>
         <subfield code="0">http://id.loc.gov/vocabulary/contentTypes/txt</subfield>
      </datafield>
      <datafield ind1=" " ind2=" " tag="337">
         <subfield code="a">unmediated</subfield>
         <subfield code="2">rdamedia</subfield>
         <subfield code="0">http://id.loc.gov/vocabulary/mediaTypes/n</subfield>
      </datafield>
      <datafield ind1=" " ind2=" " tag="338">
         <subfield code="a">volume</subfield>
         <subfield code="2">rdacarrier</subfield>
         <subfield code="0">http://id.loc.gov/vocabulary/carriers/nc</subfield>
      </datafield>
      <datafield ind1=" " ind2=" " tag="504">
         <subfield code="a">Includes bibliographical references and index.</subfield>
      </datafield>
      <datafield ind1=" " ind2=" " tag="596">
         <subfield code="a">19</subfield>
      </datafield>
      <datafield ind1=" " ind2="0" tag="650">
         <subfield code="a">Pediatrics.</subfield>
         <subfield code="0">http://id.loc.gov/authorities/subjects/sh85099185</subfield>
      </datafield>
      <datafield ind1="1" ind2=" " tag="700">
         <subfield code="a">Marcdante, Karen J.,</subfield>
         <subfield code="e">editor of compilation.</subfield>
         <subfield code="0">http://id.loc.gov/authorities/names/n2010180819</subfield>
         <subfield code="0">http://viaf.org/viaf/107973365</subfield>
      </datafield>
      <datafield ind1="1" ind2=" " tag="700">
         <subfield code="a">Kliegman, Robert,</subfield>
         <subfield code="e">editor of compilation.</subfield>
         <subfield code="0">http://id.loc.gov/authorities/names/n88038297</subfield>
         <subfield code="0">http://viaf.org/viaf/66560794</subfield>
      </datafield>
      <datafield ind1=" " ind2=" " tag="758">
         <subfield code="0">http://worldcat.org/entity/work/id/22930629</subfield>
      </datafield>
      <datafield ind1="0" ind2=" " tag="787">
         <subfield code="n">OCLC Work Id</subfield>
         <subfield code="o">http://worldcat.org/entity/work/id/22930629</subfield>
      </datafield>
      <datafield ind1=" " ind2=" " tag="949">
         <subfield code="a">Firm</subfield>
         <subfield code="b">2467312-35</subfield>
         <subfield code="c">65.56</subfield>
         <subfield code="d">1</subfield>
         <subfield code="i">YBP739694</subfield>
         <subfield code="j">USD</subfield>
         <subfield code="l">ok</subfield>
         <subfield code="p">39424062929291</subfield>
         <subfield code="t">Book</subfield>
         <subfield code="v">99957931174</subfield>
      </datafield>
      <datafield ind1=" " ind2=" " tag="926">
         <subfield code="a">WS 100 N424 2015</subfield>
         <subfield code="w">NLM</subfield>
         <subfield code="c">1</subfield>
         <subfield code="i">0163720100094</subfield>
         <subfield code="d">6/24/2016</subfield>
         <subfield code="e">6/13/2016</subfield>
         <subfield code="l">ON_SHELF</subfield>
         <subfield code="m">AHS_RAH</subfield>
         <subfield code="n">9</subfield>
         <subfield code="r">Y</subfield>
         <subfield code="s">Y</subfield>
         <subfield code="t">BOOK</subfield>
         <subfield code="u">8/20/2014</subfield>
      </datafield>
   </record>
</collection>
